@article{moreno2021matchmaker,
  title={Matchmaker, Matchmaker, Make Me a Match: Geometric, Variational, and Evolutionary Implications of Criteria for Tag Affinity},
  author={Moreno, Matthew Andres and Lalejini, Alexander and Ofria, Charles},
  journal={arXiv preprint arXiv:2108.04507},
  year={2021}
}
