@inproceedings{lalejini2018evolving,
  title={Evolving event-driven programs with SignalGP},
  author={Lalejini, Alexander and Ofria, Charles},
  booktitle={Proceedings of the Genetic and Evolutionary Computation Conference},
  pages={1135--1142},
  year={2018}
}

@article{lalejini2021tag,
  title={Tag-based regulation of modules in genetic programming improves context-dependent problem solving},
  author={Lalejini, Alexander and Moreno, Matthew Andres and Ofria, Charles},
  journal={Genetic Programming and Evolvable Machines},
  volume={22},
  number={3},
  pages={325--355},
  year={2021},
  publisher={Springer}
}

@article{moreno2019toward,
  title={Toward open-ended fraternal transitions in individuality},
  author={Moreno, Matthew Andres and Ofria, Charles},
  journal={Artificial life},
  volume={25},
  number={2},
  pages={117--133},
  year={2019},
  publisher={MIT Press One Rogers Street, Cambridge, MA 02142-1209, USA journals-info~â€¦}
}

@inproceedings{moreno2021case,
  author    = {Moreno, Matthew A and Rodriguez Papa, Santiago and Ofria, Charles},
  title     = {Case Study of Novelty, Complexity, and Adaptation in a Multicellular System},
  year      = {2021},
  maintitle = {The 2021 Conference on Artificial Life},
  booktitle = {OEE4: The Fourth Workshop on Open-Ended Evolution},
}
