@misc{moreno2020practical,
  title={Practical Steps Toward Indefinite Scalability: In Pursuit of Robust Computational Substrates for Open-Ended Evolution},
  url={osf.io/53vgh},
  DOI={10.17605/OSF.IO/53VGH},
  publisher={OSF},
  author={Moreno, Matthew A and Ofria, Charles},
  year={2020},
  month={Jun}
}

@article{crosby2019animal,
  title={The animal-ai olympics},
  author={Crosby, Matthew and Beyret, Benjamin and Halina, Marta},
  journal={Nature Machine Intelligence},
  volume={1},
  number={5},
  pages={257--257},
  year={2019},
  publisher={Nature Publishing Group}
}

@book{smith1997major,
  title={The major transitions in evolution},
  author={Smith, John Maynard and Szathmary, Eors},
  year={1997},
  publisher={Oxford University Press}
}

@article{rhodes2020real,
  title = "Real-Time Cortical Simulation on Neuromorphic Hardware",
  author = "Oliver Rhodes and Luca Peres and Andrew Rowley and Andrew Gait and Plana, {Luis A.} and Christian Brenninkmeijer and Steve Furber",
  year = "2019",
  month = dec,
  day = "23",
  doi = "10.1098/rsta.2019.0160",
  language = "English",
  volume = "378",
  pages = "1--21",
  journal = "Royal Society of London. Proceedings A. Mathematical, Physical and Engineering Sciences",
  issn = "1471-2946",
  publisher = "Royal Society",
  number = "2164"
}

@article{forbes2000life,
  title={Life as it could be: Alife attempts to simulate evolution},
  author={Forbes, Nancy},
  journal={IEEE Intelligent Systems and their Applications},
  volume={15},
  number={6},
  pages={2--7},
  year={2000},
  publisher={IEEE}
}

@misc{o2009riccardo,
  author = {Poli, Riccardo and Langdon, William B. and McPhee, Nicholas Freitag},
  title = {A Field Guide to Genetic Programming},
  year = {2008},
  isbn = {1409200736},
  publisher = {Lulu Enterprises, UK Ltd}
}
