@article{moreno2021signalgp,
  title={SignalGP-Lite: Event Driven Genetic Programming Library for Large-Scale Artificial Life Applications},
  author={Moreno, Matthew Andres and Papa, Santiago Rodriguez and Lalejini, Alexander and Ofria, Charles},
  journal={arXiv preprint arXiv:2108.00382},
  year={2021}
}
