@inproceedings{ackley2018digital,
  title={Digital protocells with dynamic size, position, and topology},
  author={Ackley, David H},
  booktitle={ALIFE 2018: The 2018 Conference on Artificial Life},
  pages={83--90},
  year={2018},
  organization={MIT Press}
}

@inproceedings{ackley2011pursue,
  title={Pursue robust indefinite scalability.},
  author={Ackley, David H and Cannon, Daniel C and others},
  booktitle={HotOS},
  year={2011}
}

@article{bassett2017small,
  title={Small-world brain networks revisited},
  author={Bassett, Danielle S and Bullmore, Edward T},
  journal={The Neuroscientist},
  volume={23},
  number={5},
  pages={499--516},
  year={2017},
  publisher={SAGE Publications Sage CA: Los Angeles, CA}
}

@inproceedings{bedau1998classification,
  title={A classification of long-term evolutionary dynamics},
  author={Bedau, Mark A and Snyder, Emile and Packard, Norman H},
  booktitle={Artificial life VI},
  pages={228--237},
  year={1998}
}

@article{benenson2009biocomputers,
  title={Biocomputers: from test tubes to live cells},
  author={Benenson, Yaakov},
  journal={Molecular BioSystems},
  volume={5},
  number={7},
  pages={675--685},
  year={2009},
  publisher={Royal Society of Chemistry}
}

@inproceedings{bennett1999building,
  title={Building a parallel computer system for \$18,000 that performs a half peta-flop per day},
  author={Bennett III, Forrest H and Koza, John R and Shipman, James and Stiffelman, Oscar},
  booktitle={Proceedings of the 1st Annual Conference on Genetic and Evolutionary Computation-Volume 2},
  pages={1484--1490},
  year={1999},
  organization={Citeseer}
}

@misc{blondeau2009distributed,
  title={Distributed network for performing complex algorithms},
  author={Blondeau, Antoine and Cheyer, Adam and Hodjat, Babak and Harrigan, Peter},
  year={2009},
  month=may # "~14",
  publisher={Google Patents},
  note={US Patent App. 12/267,287}
}

@inproceedings{bohm2017mabe,
  title={MABE (modular agent based evolver): A framework for digital evolution research},
  author={Bohm, Clifford and Hintze, Arend and others},
  booktitle={ECAL 2017, the Fourteenth European Conference on Artificial Life},
  pages={76--83},
  year={2017},
  organization={MIT Press}
}

@article{bonnet2013amplifying,
  title={Amplifying genetic logic gates},
  author={Bonnet, Jerome and Yin, Peter and Ortiz, Monica E and Subsoontorn, Pakpoom and Endy, Drew},
  journal={Science},
  volume={340},
  number={6132},
  pages={599--603},
  year={2013},
  publisher={American Association for the Advancement of Science}
}

@article{channon2019maximum,
  title={Maximum individual complexity is indefinitely scalable in Geb},
  author={Channon, Alastair},
  journal={Artificial life},
  volume={25},
  number={2},
  pages={134--144},
  year={2019},
  publisher={MIT Press One Rogers Street, Cambridge, MA 02142-1209, USA journals-info~…}
}

@inproceedings{che2008accelerating,
  title={Accelerating compute-intensive applications with GPUs and FPGAs},
  author={Che, Shuai and Li, Jie and Sheaffer, Jeremy W and Skadron, Kevin and Lach, John},
  booktitle={2008 Symposium on Application Specific Processors},
  pages={101--107},
  year={2008},
  organization={IEEE}
}

@incollection{clarke1994mpi,
  title={The MPI message passing interface standard},
  author={Clarke, Lyndon and Glendinning, Ian and Hempel, Rolf},
  booktitle={Programming environments for massively parallel distributed systems},
  pages={213--218},
  year={1994},
  publisher={Springer}
}

@article{clune2011performance,
  title={On the performance of indirect encoding across the continuum of regularity},
  author={Clune, Jeff and Stanley, Kenneth O and Pennock, Robert T and Ofria, Charles},
  journal={IEEE Transactions on Evolutionary Computation},
  volume={15},
  number={3},
  pages={346--367},
  year={2011},
  publisher={IEEE}
}

@article{dagum1998openmp,
  title={OpenMP: an industry standard API for shared-memory programming},
  author={Dagum, Leonardo and Menon, Ramesh},
  journal={IEEE computational science and engineering},
  volume={5},
  number={1},
  pages={46--55},
  year={1998},
  publisher={IEEE}
}

@article{dolson2017spatial,
  title={Spatial resource heterogeneity creates local hotspots of evolutionary potential},
  author={Dolson, Emily and Ofria, Charles},
  journal={bioRxiv},
  pages={149302},
  year={2017},
  publisher={Cold Spring Harbor Laboratory}
}

@book{dolson2019constructive,
  title={On the Constructive Power of Ecology in Open-Ended Evolving Systems},
  author={Dolson, Emily L},
  year={2019},
  publisher={Michigan State University}
}

@article{dolson2019modes,
  title={The MODES toolbox: Measurements of open-ended dynamics in evolving systems},
  author={Dolson, Emily L and Vostinar, Anya E and Wiser, Michael J and Ofria, Charles},
  journal={Artificial life},
  volume={25},
  number={1},
  pages={50--73},
  year={2019},
  publisher={MIT Press One Rogers Street, Cambridge, MA 02142-1209, USA journals-info~…}
}

@Book{eiben2015introduction,
  author={Eiben, A.E. and Smith, J.E.},
  title={Introduction to evolutionary computing},
  publisher={Springer},
  year={2015},
  address={Berlin},
  isbn={978-3-662-44874-8}
 }

@article{ellenbogen2000architectures,
  title={Architectures for molecular electronic computers. I. Logic structures and an adder designed from molecular electronic diodes},
  author={Ellenbogen, James C and Love, J Christopher},
  journal={Proceedings of the IEEE},
  volume={88},
  number={3},
  pages={386--426},
  year={2000},
  publisher={IEEE}
}

@article{foster2017open,
  title={Open science framework (OSF)},
  author={Foster, Erin D and Deardorff, Ariel},
  journal={Journal of the Medical Library Association: JMLA},
  volume={105},
  number={2},
  pages={203},
  year={2017},
  publisher={Medical Library Association}
}

@article{fox2014herbivores,
  title={Herbivores in a small world: network theory highlights vulnerability in the function of herbivory on coral reefs},
  author={Fox, Rebecca J and Bellwood, David R},
  journal={Functional Ecology},
  volume={28},
  number={3},
  pages={642--651},
  year={2014},
  publisher={Wiley Online Library}
}

@article{gaiteri2014beyond,
  title={Beyond modules and hubs: the potential of gene coexpression networks for investigating molecular mechanisms of complex brain disorders},
  author={Gaiteri, Chris and Ding, Ying and French, Beverly and Tseng, George C and Sibille, Etienne},
  journal={Genes, brain and behavior},
  volume={13},
  number={1},
  pages={13--24},
  year={2014},
  publisher={Wiley Online Library}
}

@article{gerhart2007theory,
  title={The theory of facilitated variation},
  author={Gerhart, John and Kirschner, Marc},
  journal={Proceedings of the National Academy of Sciences},
  volume={104},
  number={suppl 1},
  pages={8582--8589},
  year={2007},
  publisher={National Acad Sciences}
}

 @misc{gilbert2015artificial,
  title={Artificial Intelligence is here to help you pick the right shoes},
  url={https://www.ibtimes.com/artificial-intelligence-here-help-you-pick-right-shoes-2144114},
  journal={International Business Times},
  publisher={IBT Media},
  author={Gilbert, David},
  year={2015},
  month={Oct}
}

@article{goldsby2012task,
  title={Task-switching costs promote the evolution of division of labor and shifts in individuality},
  author={Goldsby, Heather J and Dornhaus, Anna and Kerr, Benjamin and Ofria, Charles},
  journal={Proceedings of the National Academy of Sciences},
  volume={109},
  number={34},
  pages={13686--13691},
  year={2012},
  publisher={National Acad Sciences}
}

@article{goldsby2014evolutionary,
  title={The evolutionary origin of somatic cells under the dirty work hypothesis},
  author={Goldsby, Heather J and Knoester, David B and Ofria, Charles and Kerr, Benjamin},
  journal={PLoS biology},
  volume={12},
  number={5},
  pages={e1001858},
  year={2014},
  publisher={Public Library of Science San Francisco, USA}
}

@article{good2017dynamics,
  title={The dynamics of molecular evolution over 60,000 generations},
  author={Good, Benjamin H and McDonald, Michael J and Barrick, Jeffrey E and Lenski, Richard E and Desai, Michael M},
  journal={Nature},
  volume={551},
  number={7678},
  pages={45--50},
  year={2017},
  publisher={Nature Publishing Group}
}

@inproceedings{harding2007fast_ieee,
  title={Fast genetic programming and artificial developmental systems on GPUs},
  author={Harding, Simon and Banzhaf, Wolfgang},
  booktitle={21st International Symposium on High Performance Computing Systems and Applications (HPCS'07)},
  pages={2--2},
  year={2007},
  organization={IEEE}
}

@inproceedings{harding2007fast_springer,
  title={Fast genetic programming on GPUs},
  author={Harding, Simon and Banzhaf, Wolfgang},
  booktitle={European conference on genetic programming},
  pages={90--101},
  year={2007},
  organization={Springer}
}

@book{hennessy2011computer,
  title={Computer architecture: a quantitative approach},
  author={Hennessy, John L and Patterson, David A},
  year={2011},
  publisher={Elsevier}
}

@misc{hodjat2013distributed,
  title={Distributed evolutionary algorithm for asset management and trading},
  author={Hodjat, Babak and Shahrzad, Hormoz},
  year={2013},
  month=sep # "~3",
  publisher={Google Patents},
  note={US Patent 8,527,433}
}

@inproceedings{hornby2005measuring,
  title={Measuring, enabling and comparing modularity, regularity and hierarchy in evolutionary design},
  author={Hornby, Gregory S},
  booktitle={Proceedings of the 7th annual conference on Genetic and evolutionary computation},
  pages={1729--1736},
  year={2005}
}

@incollection{hornby2006automated,
  title={Automated antenna design with evolutionary algorithms},
  author={Hornby, Gregory and Globus, Al and Linden, Derek and Lohn, Jason},
  booktitle={Space 2006},
  publisher={American Institute of Aeronautics and Astronautics},
  pages={7242},
  year={2006}
}

@article{huizinga2018emergence,
  title={The emergence of canalization and evolvability in an open-ended, interactive evolutionary system},
  author={Huizinga, Joost and Stanley, Kenneth O and Clune, Jeff},
  journal={Artificial life},
  volume={24},
  number={3},
  pages={157--181},
  year={2018},
  publisher={MIT Press One Rogers Street, Cambridge, MA 02142-1209, USA journals-info~…}
}

@inproceedings{jouppi2017datacenter,
  title={In-datacenter performance analysis of a tensor processing unit},
  author={Jouppi, Norman P and Young, Cliff and Patil, Nishant and Patterson, David and Agrawal, Gaurav and Bajwa, Raminder and Bates, Sarah and Bhatia, Suresh and Boden, Nan and Borchers, Al and others},
  booktitle={Proceedings of the 44th annual international symposium on computer architecture},
  pages={1--12},
  year={2017}
}

@article{kirschner1998evolvability,
  title={Evolvability},
  author={Kirschner, Marc and Gerhart, John},
  journal={Proceedings of the National Academy of Sciences},
  volume={95},
  number={15},
  pages={8420--8427},
  year={1998},
  publisher={National Acad Sciences}
}

@article{krizhevsky2012imagenet,
  title={Imagenet classification with deep convolutional neural networks},
  author={Krizhevsky, Alex and Sutskever, Ilya and Hinton, Geoffrey E},
  journal={Advances in neural information processing systems},
  volume={25},
  pages={1097--1105},
  year={2012}
}

@techreport{kuffner2009space,
  title = {{Space-Filling Trees}},
  author = {Kuffner, James J and LaValle, Steven M},
  group = {The Robotics Institute},
  year = {2010},
  institution = {Carnegie Mellon University},
  pages = {9},
  number = {CMU-RI-TR-09-47},
}

@inproceedings{lalejini2018evolving,
  title={Evolving event-driven programs with SignalGP},
  author={Lalejini, Alexander and Ofria, Charles},
  booktitle={Proceedings of the Genetic and Evolutionary Computation Conference},
  pages={1135--1142},
  year={2018}
}

@misc{lalejini2020case,
  title={Case Study of Adaptive Gene Regulation in DISHTINY},
  url={osf.io/kqvmn},
  DOI={10.17605/OSF.IO/KQVMN},
  publisher={OSF},
  author={Lalejini, Alexander and Moreno, Matthew A and Ofria, Charles},
  year={2020},
  month={Jun}
}

@article{lalejini2021tag,
  title={Tag-based regulation of modules in genetic programming improves context-dependent problem solving},
  author={Lalejini, Alexander and Moreno, Matthew Andres and Ofria, Charles},
  journal={Genetic Programming and Evolvable Machines},
  volume={22},
  number={3},
  pages={325--355},
  year={2021},
  publisher={Springer}
}

@inproceedings{langdon2019continuous,
  title={Continuous long-term evolution of genetic programming},
  author={Langdon, William B and Banzhaf, Wolfgang},
  booktitle={ALIFE 2019: The 2019 Conference on Artificial Life},
  pages={388--395},
  year={2019},
  organization={MIT Press}
}

@inproceedings{legenstein2001optimizing,
  title={Optimizing the Layout of a Balanced Tree},
  author={Legenstein, Robert A and Maass, Wolfgang},
  booktitle={Electronic Colloquium on Computational Complexity (ECCC)},
  volume={8},
  number={069},
  year={2001}
}

@phdthesis{lehman2012evolution,
  title={Evolution through the Search for Novelty},
  author={Lehman, Joel},
  year={2012},
  school={University of Central Florida},
}

@article{lehman2011abandoning,
  title={Abandoning objectives: Evolution through the search for novelty alone},
  author={Lehman, Joel and Stanley, Kenneth O},
  journal={Evolutionary computation},
  volume={19},
  number={2},
  pages={189--223},
  year={2011},
  publisher={MIT Press}
}

@inproceedings{lehman2012beyond,
  title={Beyond open-endedness: Quantifying impressiveness},
  author={Lehman, Joel and Stanley, Kenneth O},
  booktitle={ALIFE 2012: The Thirteenth International Conference on the Synthesis and Simulation of Living Systems},
  pages={75--82},
  year={2012},
  organization={MIT Press}
}

@article{lehman2013evolvability,
  title={Evolvability is inevitable: Increasing evolvability without the pressure to adapt},
  author={Lehman, Joel and Stanley, Kenneth O},
  journal={PloS one},
  volume={8},
  number={4},
  pages={e62186},
  year={2013},
  publisher={Public Library of Science San Francisco, USA}
}

@article{lipson2007principles,
  title={Principles of modularity, regularity, and hierarchy for scalable systems},
  author={Lipson, Hod and others},
  journal={Journal of Biological Physics and Chemistry},
  volume={7},
  number={4},
  pages={125},
  year={2007},
  publisher={Citeseer}
}

@Inbook{Lu2013,
  author="Lu, LongJason
  and Zhang, Minlu",
  editor="Dubitzky, Werner
  and Wolkenhauer, Olaf
  and Cho, Kwang-Hyun
  and Yokota, Hiroki",
  title="Edge Betweenness Centrality",
  bookTitle="Encyclopedia of Systems Biology",
  year="2013",
  publisher="Springer New York",
  address="New York, NY",
  pages="647--648",
  isbn="978-1-4419-9863-7",
  doi="10.1007/978-1-4419-9863-7_874",
  url="https://doi.org/10.1007/978-1-4419-9863-7_874"
}

@article{lynch2007frailty,
  title={The frailty of adaptive hypotheses for the origins of organismal complexity},
  author={Lynch, Michael},
  journal={Proceedings of the National Academy of Sciences},
  volume={104},
  number={suppl 1},
  pages={8597--8604},
  year={2007},
  publisher={National Acad Sciences}
}

@article{markov2014limits,
  title={Limits on fundamental limits to computation},
  author={Markov, Igor L},
  journal={Nature},
  volume={512},
  number={7513},
  pages={147--154},
  year={2014},
  publisher={Nature Publishing Group}
}

@book{miaoulis2008intelligent,
  title={Intelligent Scene Modelling Information Systems},
  author={Miaoulis, Georgios and Plemenos, Dimitri},
  volume={181},
  year={2008},
  publisher={Springer}
}

@incollection{miikkulainen2019evolving,
  title={Evolving deep neural networks},
  author={Miikkulainen, Risto and Liang, Jason and Meyerson, Elliot and Rawal, Aditya and Fink, Daniel and Francon, Olivier and Raju, Bala and Shahrzad, Hormoz and Navruzyan, Arshak and Duffy, Nigel and others},
  booktitle={Artificial intelligence in the age of neural networks and brain computing},
  pages={293--312},
  year={2019},
  publisher={Elsevier}
}

@inproceedings{mollah2018comparative,
  title={A comparative study of topology design approaches for HPC interconnects},
  author={Mollah, Md Atiqul and Faizian, Peyman and Rahman, Md Shafayat and Yuan, Xin and Pakin, Scott and Lang, Mike},
  booktitle={2018 18th IEEE/ACM International Symposium on Cluster, Cloud and Grid Computing (CCGRID)},
  pages={392--401},
  year={2018},
  organization={IEEE}
}

@misc{moreno2020estimating,
  title={Estimating DISHTINY Multithread Scaling Properties},
  url={osf.io/w56bm},
  DOI={10.17605/OSF.IO/W56BM},
  publisher={OSF},
  author={Moreno, Matthew A},
  year={2020},
  month={Jul}
}

@misc{moreno2019evaluating,
  title={Evaluating Function Dispatch Methods in SignalGP},
  url={osf.io/rmkcv},
  DOI={10.17605/OSF.IO/RMKCV},
  publisher={OSF},
  author={Moreno, Matthew A},
  year={2019},
  month={Dec}
}

@article{moreno2019toward,
  title={Toward open-ended fraternal transitions in individuality},
  author={Moreno, Matthew Andres and Ofria, Charles},
  journal={Artificial life},
  volume={25},
  number={2},
  pages={117--133},
  year={2019},
  publisher={MIT Press One Rogers Street, Cambridge, MA 02142-1209, USA journals-info~…}
}

@misc{moreno2020practical,
  title={Practical Steps Toward Indefinite Scalability: In Pursuit of Robust Computational Substrates for Open-Ended Evolution},
  url={osf.io/53vgh},
  DOI={10.17605/OSF.IO/53VGH},
  publisher={OSF},
  author={Moreno, Matthew A and Ofria, Charles},
  year={2020},
  month={Jun}
}

@misc{moreno2021exploring,
  title={Exploring Evolved Multicellular Life Histories in a Open-Ended Digital Evolution System},
  author={Matthew Andres Moreno and Charles Ofria},
  year={2021},
  eprint={2104.10081},
  archivePrefix={arXiv},
  primaryClass={q-bio.PE}
}

@inproceedings{nguyen2015innovation,
  title={Innovation engines: Automated creativity and improved stochastic optimization via deep learning},
  author={Nguyen, Anh Mai and Yosinski, Jason and Clune, Jeff},
  booktitle={Proceedings of the 2015 Annual Conference on Genetic and Evolutionary Computation},
  pages={959--966},
  year={2015}
}

@article{ofria2009artificial,
  title={Artificial life models in software},
  author={Ofria, C and Bryson, DM and Wilke, CO and Komosinski, Maciej and others},
  journal={Advances in Artificial Life, Berlin: Springer-Verlag, chapter Avida: A Software Platform for Research in Computational Evolutionary Biology},
  pages={3--36},
  year={2009}
}

@software{charles_ofria_2020_4141943,
  author       = {Charles Ofria and
                  Matthew Andres Moreno and
                  Emily Dolson and
                  Alex Lalejini and
                  rodsan0 and
                  Jake Fenton and
                  perryk12 and
                  Steven Jorgensen and
                  hoffmanriley and
                  grenewode and
                  Oliver Baldwin Edwards and
                  Jason Stredwick and
                  cgnitash and
                  theycallmeHeem and
                  Anya Vostinar and
                  Ryan Moreno and
                  Jory Schossau and
                  Luis Zaman and
                  djrain},
  title        = {{devosoft/Empirical: Before directory
                   reorganization}},
  month        = oct,
  year         = 2020,
  publisher    = {Zenodo},
  version      = {v0.0.4},
  doi          = {10.5281/zenodo.4141943},
  url          = {https://doi.org/10.5281/zenodo.4141943}
}

@article{packard2019overview,
  title={An overview of open-ended evolution: Editorial introduction to the open-ended evolution II special issue},
  author={Packard, Norman and Bedau, Mark A and Channon, Alastair and Ikegami, Takashi and Rasmussen, Steen and Stanley, Kenneth O and Taylor, Tim},
  journal={Artificial life},
  volume={25},
  number={2},
  pages={93--103},
  year={2019},
  publisher={MITP}
}

@article{ratcliff2012experimental,
  title={Experimental evolution of multicellularity},
  author={Ratcliff, William C and Denison, R Ford and Borrello, Mark and Travisano, Michael},
  journal={Proceedings of the National Academy of Sciences},
  volume={109},
  number={5},
  pages={1595--1600},
  year={2012},
  publisher={National Acad Sciences}
}

@inproceedings{soros2014identifying,
  title={Identifying necessary conditions for open-ended evolution through the artificial life world of chromaria},
  author={Soros, L and Stanley, Kenneth},
  booktitle={ALIFE 14: The Fourteenth International Conference on the Synthesis and Simulation of Living Systems},
  pages={793--800},
  year={2014},
  organization={MIT Press}
}

@article{stanley2003taxonomy,
  title={A taxonomy for artificial embryogeny},
  author={Stanley, Kenneth O and Miikkulainen, Risto},
  journal={Artificial life},
  volume={9},
  number={2},
  pages={93--130},
  year={2003},
  publisher={MIT Press}
}

 @misc{stanley2017open,
  title={Open-endedness: The last grand challenge you've never heard of},
  url={https://www.oreilly.com/radar/open-endedness-the-last-grand-challenge-youve-never-heard-of/},
  journal={Radar / AI &amp; ML},
  publisher={O'Reilly Media},
  author={Kenneth O. Stanley, Joel Lehman},
  year={2017},
  month={Dec}
}

@article{sutter2005free,
  title={The free lunch is over: A fundamental turn toward concurrency in software},
  author={Sutter, Herb and others},
  journal={Dr. Dobb’s journal},
  volume={30},
  number={3},
  pages={202--210},
  year={2005}
}

@article{watts1998collective,
  title={Collective dynamics of ‘small-world’networks},
  author={Watts, Duncan J and Strogatz, Steven H},
  journal={nature},
  volume={393},
  number={6684},
  pages={440--442},
  year={1998},
  publisher={Nature Publishing Group}
}

@article{xiang2016molecular,
  title={Molecular-scale electronics: from concept to function},
  author={Xiang, Dong and Wang, Xiaolong and Jia, Chuancheng and Lee, Takhee and Guo, Xuefeng},
  journal={Chemical reviews},
  volume={116},
  number={7},
  pages={4318--4440},
  year={2016},
  publisher={ACS Publications}
}
