@inproceedings{moreno2021case,
  author    = {Moreno, Matthew A and Rodriguez Papa, Santiago and Ofria, Charles},
  title     = {Case Study of Novelty, Complexity, and Adaptation in a Multicellular System},
  year      = {2021},
  maintitle = {The 2021 Conference on Artificial Life},
  booktitle = {OEE4: The Fourth Workshop on Open-Ended Evolution},
}
