@article{moreno2021exploring,
  title={Exploring Evolved Multicellular Life Histories in a Open-Ended Digital Evolution System},
  author={Moreno, Matthew Andres and Ofria, Charles},
  journal={arXiv preprint arXiv:2104.10081},
  year={2021}
}

@inproceedings{moreno2021case,
  author    = {Moreno, Matthew A and Rodriguez Papa, Santiago and Ofria, Charles},
  title     = {Case Study of Novelty, Complexity, and Adaptation in a Multicellular System},
  year      = {2021},
  maintitle = {The 2021 Conference on Artificial Life},
  booktitle = {OEE4: The Fourth Workshop on Open-Ended Evolution},
}
